<?xml version="1.0" encoding="UTF-8"?>
  <record xmlns="http://www.loc.gov/MARC21/slim" type="Authority">
    <leader>00000nz  a2200000nc 4500</leader>
    <controlfield tag="001">133759474</controlfield>
    <controlfield tag="003">DE-101</controlfield>
    <controlfield tag="005">20080406123320.0</controlfield>
    <controlfield tag="008">071217n||aznnnaabn           | aaa    |c</controlfield>
    <datafield tag="024" ind1="7" ind2=" ">
      <subfield code="a">133759474</subfield>
      <subfield code="0">http://d-nb.info/gnd/133759474</subfield>
      <subfield code="2">gnd</subfield>
    </datafield>
    <datafield tag="035" ind1=" " ind2=" ">
      <subfield code="a">(DE-101)133759474</subfield>
    </datafield>
    <datafield tag="035" ind1=" " ind2=" ">
      <subfield code="a">(DE-588)133759474</subfield>
    </datafield>
    <datafield tag="035" ind1=" " ind2=" ">
      <subfield code="z">(DE-588a)133759474</subfield>
      <subfield code="9">v:zg</subfield>
    </datafield>
    <datafield tag="040" ind1=" " ind2=" ">
      <subfield code="a">DE-7</subfield>
      <subfield code="c">DE-7</subfield>
      <subfield code="9">r:DE-601</subfield>
      <subfield code="b">ger</subfield>
      <subfield code="d">0007</subfield>
    </datafield>
    <datafield tag="042" ind1=" " ind2=" ">
      <subfield code="a">gnd1</subfield>
    </datafield>
    <datafield tag="043" ind1=" " ind2=" ">
      <subfield code="c">XA-DE</subfield>
    </datafield>
    <datafield tag="075" ind1=" " ind2=" ">
      <subfield code="b">p</subfield>
      <subfield code="2">gndgen</subfield>
    </datafield>
    <datafield tag="075" ind1=" " ind2=" ">
      <subfield code="b">piz</subfield>
      <subfield code="2">gndspec</subfield>
    </datafield>
    <datafield tag="079" ind1=" " ind2=" ">
      <subfield code="a">g</subfield>
      <subfield code="q">a</subfield>
      <subfield code="q">f</subfield>
    </datafield>
    <datafield tag="100" ind1="1" ind2=" ">
      <subfield code="a">Meisner, Johann Balthasar</subfield>
      <subfield code="d">1662-1671</subfield>
    </datafield>
    <datafield tag="375" ind1=" " ind2=" ">
      <subfield code="a">1</subfield>
      <subfield code="2">iso5218</subfield>
    </datafield>
    <datafield tag="400" ind1="1" ind2=" ">
      <subfield code="a">Meißner, Johann Balthasar</subfield>
      <subfield code="d">1662-1671</subfield>
    </datafield>
    <datafield tag="400" ind1="1" ind2=" ">
      <subfield code="a">Meisner, Joh. Balthasar</subfield>
      <subfield code="d">1662-1671</subfield>
    </datafield>
    <datafield tag="400" ind1="1" ind2=" ">
      <subfield code="a">Meisnerus, Johann Balthasar</subfield>
      <subfield code="d">1662-1671</subfield>
    </datafield>
    <datafield tag="400" ind1="1" ind2=" ">
      <subfield code="a">Meisnerus, Joh. Balthasar</subfield>
      <subfield code="d">1662-1671</subfield>
    </datafield>
    <datafield tag="548" ind1=" " ind2=" ">
      <subfield code="a">1662-1671</subfield>
      <subfield code="4">datl</subfield>
      <subfield code="4">https://d-nb.info/standards/elementset/gnd#dateOfBirthAndDeath</subfield>
      <subfield code="w">r</subfield>
      <subfield code="i">Lebensdaten</subfield>
    </datafield>
    <datafield tag="667" ind1=" " ind2=" ">
      <subfield code="a">VD-17</subfield>
    </datafield>
    <datafield tag="672" ind1=" " ind2="0">
      <subfield code="a">Zimmermann, Wolfgang: Frommer Eltern Christschuldiges Beginnen bey frühezeitigen Ableben derer Ihrigen. - 1671</subfield>
    </datafield>
    <datafield tag="672" ind1=" " ind2="0">
      <subfield code="a">Cum D. XVI. M. Apr. A. MDCLXXI. Non Tam Lege Naturae, Quam Divini Numinis Sorte, Acerbo Funere Extinctum Johannem Balthasarem, Quem, De Superstitibus Hactenus, Natu Maiorem, Eundemque Non Exiguae Spei Filium, Habebat Max: Rev. Ampl. Et Excell. Vir, Dn. Godofredus Meisnerus, Theologus, Pastor Et Superint. Hayn. Moerore Tantium Non Deiectus Atque Afflictissimus Parens, Lugeret: Quantum In Ipsis Fuit, Solatio Suo Et Alloquio Deesse Superstitibus Noluerunt Fautor, Symmystae Et Clientes. - 1671</subfield>
    </datafield>
    <datafield tag="672" ind1=" " ind2="0">
      <subfield code="a">Labsal in Trübsal über Den unverhofften und allzufrühzeitigen Todesfall Des holdseeligen und lieb gewesenen Knäbleins Joh. Balthasar Meisners, Als Tit. Herrn Gottfried Meisners, in Brottewitz, SS. Theol. berühmten Doctoris, Hochverdienten Pastoris und Superintendentens in Grossen-Hayn, Anderweit Hertz-vielgeliebten Söhnleins. - 1671</subfield>
    </datafield>
    <datafield tag="678" ind1=" " ind2=" ">
      <subfield code="b">Sohn des Theologen Gottfried Meisner</subfield>
    </datafield>
    <datafield tag="913" ind1=" " ind2=" ">
      <subfield code="S">pnd</subfield>
      <subfield code="i">a</subfield>
      <subfield code="a">Meisner, Johann Balthasar</subfield>
      <subfield code="0">(DE-588a)133759474</subfield>
    </datafield>
  </record>
